%% This BibTeX bibliography file was created using BibDesk.
%% http://bibdesk.sourceforge.net/


%% Created for Francesco Argentieri at 2016-10-28 11:05:56 +0200 


%% Saved with string encoding Unicode (UTF-8) 



@book{zienkiewicz2013finite,
	Author = {Zienkiewicz, O.C. and Taylor, R.L. and Zhu, J.Z.},
	Date-Added = {2016-10-28 09:05:49 +0000},
	Date-Modified = {2016-10-28 09:05:49 +0000},
	Isbn = {9780080951355},
	Lccn = {2014397935},
	Publisher = {Elsevier Science},
	Title = {The Finite Element Method: Its Basis and Fundamentals},
	Url = {https://books.google.it/books?id=7UL5Ls9hOF8C},
	Year = {2013},
	Bdsk-Url-1 = {https://books.google.it/books?id=7UL5Ls9hOF8C}}

@book{juvinall2011fundamentals,
	Author = {Juvinall, R.C. and Marshek, K.M.},
	Date-Added = {2016-10-21 16:08:15 +0000},
	Date-Modified = {2016-10-21 16:08:15 +0000},
	Isbn = {9781118214114},
	Publisher = {John Wiley \& Sons},
	Title = {Fundamentals of Machine Component Design, 5th Edition},
	Url = {https://books.google.it/books?id=0vUbAAAAQBAJ},
	Year = {2011},
	Bdsk-Url-1 = {https://books.google.it/books?id=0vUbAAAAQBAJ}}

@book{shigley2013progetto,
	Author = {Shigley, J.E. and Budynas, R.G. and Nisbett, J.K. and Amodio, D. and Santucci, G.},
	Date-Added = {2016-10-21 16:08:10 +0000},
	Date-Modified = {2016-10-21 16:08:10 +0000},
	Isbn = {9788838668241},
	Publisher = {McGraw-Hill Education},
	Series = {Collana di istruzione scientifica},
	Title = {Progetto e costruzione di macchine},
	Url = {https://books.google.it/books?id=mayongEACAAJ},
	Year = {2013},
	Bdsk-Url-1 = {https://books.google.it/books?id=mayongEACAAJ}}
